@article{neteler-metz-bowman-landa.2012:Elsevier,
  author = {Markus Neteler and M. Hamish Bowman and Martin Landa and Markus Metz},
  title = {{GRASS GIS: A multi-purpose open source GIS}},
  journal = {{Environmental Modelling \& Software}},
  year = {2012},
  volume = {31},
  month = {May},
  pages = {124--130},
  url = {http://www.sciencedirect.com/science/article/pii/S1364815211002775},
  language = {English}
}

@inproceedings{landa.2015:FOSS4GE2015,
  author = {Landa, Martin and Kavka, Petr and Strouhal, Ludek},
  title = {{A GIS Tool for Reduction Day Precipitation to Subday}},
  booktitle = {{Geomatics WorkBooks 12}},
  year = {2015},
  month = {July 14-17},
  url = {http://geomatica.como.polimi.it/workbooks/n12/GW12_FOSS4G-eu15.pdf},
  language = {English},
  pages = {725},
  note = {ISSN 1591-092X}
}

@book{hochstein2014ansible,
  title={Ansible: Up and Running: Automating Configuration Management and Deployment the Easy Way},
  author={Hochstein, L.},
  isbn={9781491916148},
  url={https://books.google.com/books?id=V-e6CAAAQBAJ},
  year={2014},
  publisher={O'Reilly Media}
}

@book{shah2015ansible,
  title={Ansible Playbook Essentials},
  author={Shah, G.},
  isbn={9781784395612},
  url={https://books.google.cz/books?id=tjtTCgAAQBAJ},
  year={2015},
  publisher={Packt Publishing}
}

@misc{freegis.org,
  author = {{FOSSGIS e.V.}},
  title = {{FreeGIS.org}},
  year = 2012,
  url = {http://freegis.org},
  data-modified = {2017-05-21},
  howpublished = {http://freegis.org (21 May 2017)},
}

@misc{osgeo.org,
  author = {{OSGeo}},
  title = {{About the Open Source Geospatial Foundation}},
  year = 2017,
  url = {http://www.osgeo.org/content/foundation/about.html},
  date-modified = {2017-05-22},
  howpublished = {http://www.osgeo.org/content/foundation/about.html (22 May 2017)},
}

@mics{gislab-docs,
  author = {{GIS.lab Team}},
  title = {{Online GIS.lab Documentation}},
  year = 2017,
  url = {http://gislab.readthedocs.io},
  urldate = {2017-05-24},
  howpublished = {http://gislab.readthedocs.io (24 May 2017)},
}
